@incollection{asdfa,
	author={Sylvia Striplin},
}
